<collection xmlns="http://www.loc.gov/MARC21/slim">
<record>
  <leader>01449nam0a22002291i 450 </leader>
  <controlfield tag="001">IT\ICCU\CNCE\076879</controlfield>
  <controlfield tag="005">20111102000000.0</controlfield>
  <datafield tag="012" ind1=" " ind2=" ">
    <subfield code="a">ina) 45i- i.ab InIn (3) 1587 (R)</subfield>
    <subfield code="2">fei</subfield>
  </datafield>
  <datafield tag="100" ind1=" " ind2=" ">
    <subfield code="a">20111024d1587        0itac0103    ba</subfield>
  </datafield>
  <datafield tag="101" ind1=" " ind2=" ">
    <subfield code="a">ITA</subfield>
  </datafield>
  <datafield tag="102" ind1=" " ind2=" ">
    <subfield code="a">IT</subfield>
  </datafield>
  <datafield tag="200" ind1="1" ind2=" ">
    <subfield code="a">Institutioni grammaticali volgari, et latine, a&apos; facilissima intelligenza ridotte da Oratio Toscanella della famiglia di maestro Luca Fiorentino; et dichiarate per tutto, doue  ̈stato necessario, con piena chiarezza dal medesimo: fatica vtilissima a tutti quelli, che ad imparar grammatica latina, &amp; volgare si danno. Nuouamente ristampate, &amp; con vna tauola copiosissima</subfield>
  </datafield>
  <datafield tag="210" ind1=" " ind2=" ">
    <subfield code="a">In Venetia</subfield>
    <subfield code="c">appresso i Gioliti</subfield>
    <subfield code="d">1587</subfield>
  </datafield>
  <datafield tag="215" ind1=" " ind2=" ">
    <subfield code="a">\16!, 366 p.</subfield>
    <subfield code="d">8ʻ</subfield>
  </datafield>
  <datafield tag="620" ind1=" " ind2=" ">
    <subfield code="a">IT</subfield>
    <subfield code="d">Venezia</subfield>
  </datafield>
  <datafield tag="700" ind1=" " ind2="1">
    <subfield code="a">Toscanella,</subfield>
    <subfield code="b">Orazio</subfield>
    <subfield code="3">IT\ICCU\CNCA\000068</subfield>
  </datafield>
  <datafield tag="712" ind1="0" ind2="0">
    <subfield code="a">Giolito De Ferrari, Giovanni &lt;2.&gt; &amp; Giolito De Ferrari, Giovanni Paolo</subfield>
    <subfield code="3">IT\ICCU\CNCT\002436</subfield>
    <subfield code="4">650</subfield>
  </datafield>
  <datafield tag="791" ind1="0" ind2="0">
    <subfield code="a">Giolito De Ferrari, Giovanni Paolo</subfield>
    <subfield code="3">IT\ICCU\CNCT\000849</subfield>
    <subfield code="z">Giolito De Ferrari, Giovanni &lt;2.&gt; &amp; Giolito De Ferrari, Giovanni Paolo</subfield>
  </datafield>
  <datafield tag="801" ind1=" " ind2="3">
    <subfield code="a">IT</subfield>
    <subfield code="b">ICCU</subfield>
    <subfield code="c">20201115</subfield>
  </datafield>
  <datafield tag="899" ind1=" " ind2=" ">
    <subfield code="a">Biblioteca comunale Passerini Landi. Piacenza</subfield>
    <subfield code="1">PC0030</subfield>
    <subfield code="2">PIA PL</subfield>
  </datafield>
  <datafield tag="911" ind1=" " ind2=" ">
    <subfield code="a">sul front.</subfield>
    <subfield code="9">IT\ICCU\CNCM\000862</subfield>
  </datafield>
  <datafield tag="921" ind1=" " ind2=" ">
    <subfield code="a">IT\ICCU\CNCM\000862</subfield>
    <subfield code="b">Fenice, rivolta al sole, su fiamme che si sprigionano da globo alato recante  le iniziali G.G.F. In cornice figurata</subfield>
    <subfield code="e">Semper eadem.</subfield>
    <subfield code="c">U11</subfield>
    <subfield code="d">Dimensioni: 3,2 x 3,8</subfield>
    <subfield code="f">FENICE</subfield>
    <subfield code="f">FIAMME</subfield>
    <subfield code="f">GGF</subfield>
    <subfield code="f">SEMPEREAD</subfield>
    <subfield code="g">1585-1599</subfield>
  </datafield>
</record>
</collection>
